<?xml version="1.0" encoding="UTF-8"?><collection xmlns="http://www.loc.gov/MARC21/slim"><record><leader>00545nam--2200181-i-4500</leader><controlfield tag="001">000039706</controlfield><controlfield tag="002">20161230</controlfield><controlfield tag="005">20161230201042</controlfield><controlfield tag="008">060222s1000------------r-----000-0-ger-d</controlfield><datafield ind1=" " ind2=" " tag="040"><subfield code="a">IFIN-HH</subfield></datafield><datafield ind1=" " ind2=" " tag="041"><subfield code="a">ger</subfield></datafield><datafield ind1=" " ind2=" " tag="080"><subfield code="a">539.12.162.8(43)</subfield></datafield><datafield ind1="1" ind2=" " tag="100"><subfield code="a">Roth, Andreas Johannes</subfield></datafield><datafield ind1="1" ind2="0" tag="245"><subfield code="a">Charmproduktion in 800 gev/c proton-proton wechselwirkungen</subfield><subfield code="b">Dissertation</subfield><subfield code="c">Andreas johannes roth</subfield></datafield><datafield ind1=" " ind2=" " tag="260"><subfield code="a">Aachen</subfield><subfield code="b">Rheinisch-westfalischen-technischen Hoschschule</subfield><subfield code="c">1988</subfield></datafield><datafield ind1=" " ind2=" " tag="300"><subfield code="a">113P</subfield></datafield><datafield ind1=" " ind2=" " tag="852"><subfield code="a">78996</subfield><subfield code="c">539.12</subfield></datafield><datafield ind1=" " ind2=" " tag="CAT"><subfield code="a">Sys</subfield><subfield code="c">20120127</subfield><subfield code="h">133717</subfield></datafield></record></collection>